@article{nytimes,
 author  = {Gina Kolata},
 date    = {1990-12-25},
 year    = {1990},
 title   = {What if They Closed 42d Street and Nobody Noticed?},
 journal = {The New York Times},
 url     = {https://www.nytimes.com/1990/12/25/health/what-if-they-closed-42d-street-and-nobody-noticed.html},
 urldate = {2022-12-15}
}

@book{hespanha,
 URL = {http://www.jstor.org/stable/j.ctt1vwmgbh},
 author = {João P. Hespanha},
 publisher = {Princeton University Press},
 title = {Noncooperative Game Theory: An Introduction for Engineers and Computer Scientists},
 urldate = {2022-12-20},
 year = {2017}
}

@article{braess,
 ISSN = {00411655, 15265447},
 URL = {http://www.jstor.org/stable/25769266},
 author = {Dietrich Braess and Anna Nagurney and Tina Wakolbinger},
 journal = {Transportation Science},
 number = {4},
 pages = {446--450},
 publisher = {INFORMS},
 title = {On a Paradox of Traffic Planning},
 urldate = {2022-12-20},
 volume = {39},
 year = {2005}
}


@article{selfishrouting,
author = {Roughgarden, Tim and Tardos, \'{E}va},
title = {How Bad is Selfish Routing?},
year = {2002},
issue_date = {March 2002},
publisher = {Association for Computing Machinery},
address = {New York, NY, USA},
volume = {49},
number = {2},
issn = {0004-5411},
url = {https://doi.org/10.1145/506147.506153},
doi = {10.1145/506147.506153},
journal = {J. ACM},
month = {mar},
pages = {236–259},
numpages = {24},
keywords = {network flow, Nash equilibria, selfish routing, Braess's Paradox}
}

@article{helbing2005individuals,
  title={How individuals learn to take turns: Emergence of alternating cooperation in a congestion game and the prisoner's dilemma},
  author={Helbing, Dirk and Sch{\"o}nhof, Martin and Stark, Hans-Ulrich and Ho{\l}yst, Janusz A},
  journal={Advances in Complex Systems},
  volume={8},
  number={01},
  pages={87--116},
  year={2005},
  publisher={World Scientific}
}

@article{milinski2002reputation,
  title={Reputation helps solve the ‘tragedy of the commons’},
  author={Milinski, Manfred and Semmann, Dirk and Krambeck, Hans-J{\"u}rgen},
  journal={Nature},
  volume={415},
  number={6870},
  pages={424--426},
  year={2002},
  publisher={Nature Publishing Group}
}

@article{braessexistence,
 ISSN = {00411655, 15265447},
 URL = {http://www.jstor.org/stable/25768099},
 author = {Richard Steinberg and Willard I. Zangwill},
 journal = {Transportation Science},
 number = {3},
 pages = {301--318},
 publisher = {INFORMS},
 title = {The Prevalence of Braess' Paradox},
 urldate = {2022-12-20},
 volume = {17},
 year = {1983}
}

@article{PAS1997265,
title = {Braess' paradox: Some new insights},
journal = {Transportation Research Part B: Methodological},
volume = {31},
number = {3},
pages = {265-276},
year = {1997},
issn = {0191-2615},
doi = {https://doi.org/10.1016/S0191-2615(96)00024-0},
url = {https://www.sciencedirect.com/science/article/pii/S0191261596000240},
author = {Eric I. Pas and Shari L. Principio},
}
